@misc{1,
title = {Количество запусков за 2010-2014 год. [Электронный ресурс]},
url = {https://dsm.forecastinternational.com/2015/06/03/as-remote-sensing-satellite-deliveries-spike-small-satellites-could-increase-in-importance/#:~:text=The%20remote%20sensing%20satellite%20market,2014%2C%20launches%20spiked%20to%2020.},
annote = {дата обращения: 10.04.2024}
},

@misc{2,
title = {Обзор спутниковых систем. [Электронный ресурс]},
url = {https://www.roscosmos.ru/media/files/2022/Dec/6..89..04.22.pdf.},
annote = {дата обращения: 10.04.2024}
},

@misc{3,
title = {Запуски спутников дистанционного зондирования Земли в 2023 году. [Электронный ресурс]},
url = {https://racurs.ru/upload/iblock/77c/c9iyuparwhwufcm1c3iqm4o4odbquqdx/Zapuski-sputnikov-DZZ_2023_final2.pdf?ysclid=luf87213u9396484062.},
annote = {дата обращения: 11.04.2024}
},

@misc{4,
title = {Описание и список запущенных спутников дистанционного зондирования Земли. [Электронный ресурс]},
url = {https://cyberleninka.ru/article/n/radiolokatsionnyy-kosmicheskiy-segment-distantsionnogo-zondirovaniya-zemli-v-2023-godu-sostoyanie-i-perspektivy-razvitiya.},
annote = {дата обращения: 14.04.2024}
},

@misc{5,
title = {Анализ рынка технологий дистанционного зондирования Земли. [Электронный ресурс]},
url = {https://www.marketresearchfuture.com/reports/remote-sensing-technology-market-2918.},
annote = {дата обращения: 11.04.2024}
},

@misc{6,
title = {Анализ современных технологий дистанционного зондирования Земли. [Электронный ресурс]},
url = {https://cyberleninka.ru/article/n/analiz-sovremennyh-tehnologiy-distantsionnogo-zondirovaniya-zemli/viewer.},
annote = {дата обращения: 13.04.2024}
},

@article{7,
 author = {В. И. Соловьев, С. А. Успенский},
 title = {Мониторинг температуры поверхности суши по данным геостационарных метеорологических спутников нового поколения},
 journal = {Исследование Земли из космоса},
 year = {2009},
 pages = {79-89},
 number = {3},
},

@article{8,
 author = {А. А. Никитин},
 title = {Основные черты пространственного распределения поверхностных термических фронтов в водах Японского моря и их изменчивость},
 journal = {Исследование Земли из космоса},
 year = {2006},
 pages = {49-62},
 number = {5},
},

@article{9,
 author = {О. М. Покровский},
 title = {Объективный анализ полей температуры для поверхностей морей России по данным MODIS/Terra},
 journal = {Исследование Земли из космоса},
 year = {2005},
 pages = {53-65},
 number = {3},
},

@article{10,
 author = {В. И. Соловьев [и др.]},
 title = {Картирование температуры поверхности Мирового Океана по данным геостационарных ИСЗ},
 journal = {Исследование Земли из космоса},
 year = {2001},
 pages = {10-15},
 number = {3},
},

@article{11,
 author = {А. В. Поляков, Ю. М. Тимофеев, А. Б. Успенский},
 title = {Температурно-влажностное зондирование атмосферы по данным спутникового ИК-зондировщика высокого спектрального разрешения ИКФС2},
 journal = {Исследование Земли из космоса},
 year = {2009},
 pages = {3-10},
 number = {5},
},

@article{12,
 author = {А. Н. Рублев [и др.]},
 title = {Детектирование и оценка балла облачности по данным атмосферных ИК-зондировщиков высокого разрешения},
 journal = {Исследование Земли из космоса},
 year = {2004},
 pages = {43-51},
 number = {3},
}