@misc{1,
title = {Количество запусков за 2010-2014 год. [Электронный ресурс]},
url = {https://dsm.forecastinternational.com/2015/06/03/as-remote-sensing-satellite-deliveries-spike-small-satellites-could-increase-in-importance/#:~:text=The%20remote%20sensing%20satellite%20market,2014%2C%20launches%20spiked%20to%2020.},
annote = {дата обращения: 10.04.2024}
},

@misc{2,
title = {Обзор спутниковых систем. [Электронный ресурс]},
url = {https://www.roscosmos.ru/media/files/2022/Dec/6..89..04.22.pdf.},
annote = {дата обращения: 10.04.2024}
},

@misc{3,
title = {Запуски спутников дистанционного зондирования Земли в 2023 году. [Электронный ресурс]},
url = {https://racurs.ru/upload/iblock/77c/c9iyuparwhwufcm1c3iqm4o4odbquqdx/Zapuski-sputnikov-DZZ_2023_final2.pdf?ysclid=luf87213u9396484062.},
annote = {дата обращения: 11.04.2024}
},

@misc{4,
title = {Описание и список запущенных спутников дистанционного зондирования Земли. [Электронный ресурс]},
url = {https://cyberleninka.ru/article/n/radiolokatsionnyy-kosmicheskiy-segment-distantsionnogo-zondirovaniya-zemli-v-2023-godu-sostoyanie-i-perspektivy-razvitiya.},
annote = {дата обращения: 14.04.2024}
},

@misc{5,
title = {Анализ рынка технологий дистанционного зондирования Земли. [Электронный ресурс]},
url = {https://www.marketresearchfuture.com/reports/remote-sensing-technology-market-2918.},
annote = {дата обращения: 11.04.2024}
},

@misc{6,
title = {Анализ современных технологий дистанционного зондирования Земли. [Электронный ресурс]},
url = {https://cyberleninka.ru/article/n/analiz-sovremennyh-tehnologiy-distantsionnogo-zondirovaniya-zemli/viewer.},
annote = {дата обращения: 13.04.2024}
},

@article{7,
 author = {В. И. Соловьев and С. А. Успенский},
 title = {Мониторинг температуры поверхности суши по данным геостационарных метеорологических спутников нового поколения},
 journal = {Исследование Земли из космоса},
 year = {2009},
 pages = {79-89},
 number = {3},
},

@article{8,
 author = {А. А. Никитин},
 title = {Основные черты пространственного распределения поверхностных термических фронтов в водах Японского моря и их изменчивость},
 journal = {Исследование Земли из космоса},
 year = {2006},
 pages = {49-62},
 number = {5},
},

@article{9,
 author = {О. М. Покровский},
 title = {Объективный анализ полей температуры для поверхностей морей России по данным MODIS/Terra},
 journal = {Исследование Земли из космоса},
 year = {2005},
 pages = {53-65},
 number = {3},
},

@article{10,
 author = {В. И. Соловьев and others},
 title = {Картирование температуры поверхности Мирового Океана по данным геостационарных ИСЗ},
 journal = {Исследование Земли из космоса},
 year = {2001},
 pages = {10-15},
 number = {3},
},

@article{11,
 author = {А. В. Поляков and Ю. М. Тимофеев and А. Б. Успенский},
 title = {Температурно-влажностное зондирование атмосферы по данным спутникового ИК-зондировщика высокого спектрального разрешения ИКФС2},
 journal = {Исследование Земли из космоса},
 year = {2009},
 pages = {3-10},
 number = {5},
},

@article{12,
 author = {А. Н. Рублев and others},
 title = {Детектирование и оценка балла облачности по данным атмосферных ИК-зондировщиков высокого разрешения},
 journal = {Исследование Земли из космоса},
 year = {2004},
 pages = {43-51},
 number = {3},
},

@article{13,
 author = {Д. Н. Козлов and Р. В. Жаркова},
 title = {Тепловизионная съемка активных вулканов Курильских островов в 2009–2011 гг},
 journal = {Вестник КРАУНЦ. Науки о Земле},
 year = {2012},
 pages = {231–239},
 number = {№ 1},
},

@article{14,
 author = {Курьянович, М.Ф. and Давидович, Ю.С. and Шалькевич, Ф.Е.},
 title = {Использование инфракрасных тепловых космических снимков для изучения почвенного покрова},
 journal = {Почвоведение и агрохимия},
 year = {2022},
 pages = {21–31},
 number = {№1},
},

@article{15,
 author = {Антонова, В. А.},
 title = {Возможности гиперспектрального дистанционного зондирования},
 journal = {Современная наука: актуальные проблемы теории и практики. Серия: Естественные и Технические Науки},
 year = {2019},
 pages = {35–38},
 number = {№11},
},

@article{16,
 author = {С. М. Борзов and М. А. Гурьянов},
 title = {Классификация гиперспектральных изображений на основе соотношений яркостей различных каналов},
 journal = {Интерэкспо Гео-Сибирь},
 year = {2018},
 pages = {81–88},
 number = {Т.1, № 4},
},

@article{17,
 author = {Исимару, А.},
 title = {Распространение и рассеяние волн в случайно неоднородных средах},
 journal = {Мир},
 year = {1980},
 pages = {280},
},

@article{18,
 author = {Колесник, И. В.},
 title = {Земля. Взгляд из космоса. Гиперспектральная съемка},
 journal = {Шаг в науку},
 year = {2019},
 pages = {113–114},
 number = {№3},
},

@misc{19,
title = {Список спутников с гиперспектральными камерами. [Электронный ресурс]},
url = {https://www.researchgate.net/figure/List-of-spaceborne-hyperspectral-imagers-to-date-and-upcoming_tbl1_352698898.},
annote = {дата обращения: 17.04.2024}
},

@misc{20,
title = {Распознавание образов с помощью искусственного интеллекта. [Электронный ресурс]},
url = {https://habr.com/ru/articles/709432/.},
annote = {дата обращения: 18.04.2024}
},

@article{21,
 author = {H. Sun and X. Sun and H. Wang and Y. Li and X. Li},
 title = {Automatic Target Detection in High-Resolution Remote Sensing Images Using Spatial Sparse Coding Bag-of-Words Model},
 journal = {IEEE Geoscience and Remote Sensing Letters},
 year = {2012},
 pages = {109-113},
 number = {vol. 9, no. 1},
},

@article{22,
 author = {Jackson, Q and Landgrebe, DA},
 title = {Adaptive Bayesian contextual classification based on Markov random fields},
 journal = {IEEE Trans Geosci Remote Sens},
 year = {2002},
 pages = {54–63},
},

@article{23,
 author = {Zhong, P and Wang, R},
 title = {Learning conditional random fields for classification of hyperspectral images},
 journal = {IEEE Trans Image Process},
 year = {2010},
},

@article{24,
 author = {Camps-Valls, G and Gomez-Chova, L and Muñoz-Marí, J and Vila-Francés, J and Calpe-Maravilla, J},
 title = {Composite kernels for hyperspectral image classification},
 journal = {IEEE Geosci Remote Sens Lett},
 year = {2006},
},

@article{25,
 author = {Yang, Y and Licheng, J and Xu, L and Fang, L and Shuyuan, Y and Zhixi, F and Xu, T},
 title = {Transformers meet visual learning understanding: a comprehensive review},
 year = {2022},
},

@phdthesis{26,
  author = {Казанович, Я.Б.},
  school = {Пущино},
  title = {Осцилляторные нейросетевые модели когнитивных функций мозга},
  year = {2018},
}

@article{27,
  author = {Margarita Kuzmina and Eduard Manykin and Evgeny Grichuk},
  journal = {In Problems of Parallel Information Processing},
  title = {Oscillatory Neural Networks},
  year = {2014},
}

@article{28,
 author = {Abernot, M and Gil, T and Jiménez, M and Núñez, J and Avellido, MJ and Linares-Barranco, B and Gonos, T and Hardelin Tand Todri-Sanial, A},
 title = {Digital Implementation of Oscillatory Neural Network for Image Recognition Applications},
 journal = {Frontiers in Neuroscience},
 year = {2021},
 number = {15},
},

@article{29,
 author = {Гладков, Л. А. and Курейчик, В. В. and Курейчик, В. М.},
 title = {Генетические алгоритмы: Учебное пособие},
 journal = {Физматлит},
 year = {2006},
 pages = {320},
}