@misc{1,
title = {Библиотека argparse. [Электронный ресурс]},
url = {https://docs.python.org/3/library/argparse.html.},
annote = {дата обращения: 25.05.2024}
},

@misc{2,
title = {Библиотека optuna. [Электронный ресурс]},
url = {https://optuna.readthedocs.io/en/stable/index.html.},
annote = {дата обращения: 25.05.2024}
},

@misc{3,
title = {Библиотека pytest. [Электронный ресурс]},
url = {https://docs.pytest.org/en/latest/contents.html.},
annote = {дата обращения: 25.05.2024}
}